<?xml version="1.0" encoding="UTF-8"?><collection xmlns="http://www.loc.gov/MARC21/slim"><record><leader>00362nam--2200133-i-4500</leader><controlfield tag="001">000027458</controlfield><controlfield tag="002">20161230</controlfield><controlfield tag="005">20161230201036</controlfield><controlfield tag="008">060222s1000------------r-----000-0-eng-d</controlfield><datafield ind1=" " ind2=" " tag="080"><subfield code="a">681.14</subfield></datafield><datafield ind1=" " ind2=" " tag="100"><subfield code="a">Korn, Granino A. Amd Korn, Theresa M</subfield></datafield><datafield ind1=" " ind2=" " tag="245"><subfield code="a">Electronic analog computers</subfield></datafield><datafield ind1=" " ind2=" " tag="260"><subfield code="a">New York, Mcgraw-hill Book Comp.,Inc.,1952. Xvi + 378p</subfield></datafield><datafield ind1=" " ind2=" " tag="852"><subfield code="a">10278</subfield></datafield></record></collection>